% -*- mode:BibTeX; coding:utf-8; -*-
%                  
% Tämä on BibTeX -lähdetietokanta. Siinä ei oikeastaan ole ominaisuutta
% kommentointiin, mutta teknisesti ottaen prosenttimerkillä aloitettu
% rivi varsinaisten lähdetietojen ulkopuolella mahdollistaa kommentit.
% (Siitä tulee ilmeisesti työkaluista vain varoitus.. tämän arvauksen
% kaivoin StackOverflowsta [ja olen aina käyttänyt sitä itse]:
% https://tex.stackexchange.com/questions/21709/comments-in-bibtex )
%
% Bibtex on erityisen tarkka syntaksista. Jos/kun tämä on ensimmäinen
% kosketuksesi LaTeXiin, niin esimerkkien huolellinen matkiminen on
% oletettavasti paras keino hoitaa ne muutamat lähteet, joita ITKYn
% oppimispäiväkirjassa tarvitaan.
%
% Bibtexin käytössä oikeaan tutkimukseen olen huomannut kaksi pääsääntöä:
%
% 1. Melkein kaikille akateemisille lähteille löytyy netistä valmis
%    bibtex-merkintä, jonka voi copy-pastata omaan .bib -tiedostoon.
%    Tarvitsee periaatteessa vain muokata tunniste omaan makuun
%    sopivaksi...
%
% 2. Netistä löytynyt ja copy-pastattu bibtex-merkintä on tosi usein
%    jollain tavalla väärin, joten se pitää tarkistaa ja tarpeen mukaan
%    muokata itse :).
%
% Kun lähde on kertaalleen laitettu bibtexiin tarkistettuine tietoineen,
% sitä ei tarvitse enää ajatella tai säätää. Loppu on automaattista ja
% pistää kirjoittajan kiittämään LaTeX- ja bibtex-järjestelmiä siinä
% vaiheessa, kun lähdeluettelon koko kasvaa akateemisessa
% kirjoittamisessa tyypilliseen pituuteen (vrt. gradun arvosteluohjeiden
% ideaali "runsas ja kattava lähdeluettelo"). Siinä vaiheessa käy aina
% sääliksi toimisto-ohjelmilla kirjoittavia...
%
% Lähteiden hallintaan on olemassa myös työkaluja, joilla voi tehdä
% kaikenlaista luokittelua ja muuta kivaa ja joista saa sitten aina
% tarvittaessa vietyä .bib -tiedoston. Itselläni ei ole näistä sen
% kummempaa kokemusta kuin että olen kokeillut ja todennut kömpelöiksi
% verrattuna kokoelmaan omia .bib -tiedostoja, joihin tulee sitten
% copy-paste-modify -menettelyllä yksi lähde kerrallaan sitä mukaa kuin
% olen jotakin mielenkiintoista löytänyt ja lukenut.
%
% .bib -tiedostossa voi olla enemmän lähteitä kuin tekstissä käytetään.
% Esimerkiksi tässä on mukana gradu3 -dokumenttipohjan omat esimerkit,
% joihin en kuitenkaan viittaa oppimispäiväkirjan esimerkissä.
%
% Näillä sanoin vaan muokkaamaan tämä tiedosto oman oppimispäiväkirjasi
% tarpeisiin, eli oletettavasti tähän tulee ainakin tiedot itse
% lukemastasi gradusta...

@mastersthesis{Tarv2018java,
  author = {Seppo Tarvainen},
  title = {JavaScript-sovelluskehyksillä toteutettujen asiakassovellusten ylläpidettävyyden vertailu},
  year = {2018},
  school = {Jyväskylän yliopisto},
  url = {http://urn.fi/URN:NBN:fi:jyu-201805252791}
}

@manual{itkTdkArv,
  author = {JYU},
  title = {Pro Gradu -tutkielman arvosteluperusteet},
  year = {2020},
  school = {Jyväskylän yliopisto},
  url = {https://www.jyu.fi/it/fi/ohjeita-opiskelijalle/opiskelu/pro-gradu-tutkielma/tietotekniikka/gradun-arvosteluohjeet}
}
  
% Tässä muutamia itse lisäämiäni lähteitä, joihin viittaan esimerkissäni:

                  
% ----------------------------------------------------
% Tämän alla Kaijanahon mallipohjan viitteitä, joita en käyttänyt
